<record xmlns="http://www.loc.gov/MARC21/slim" xmlns:xsi="http://www.w3.org/2001/XMLSchema-instance" xsi:schemaLocation="http://www.loc.gov/MARC21/slim http://www.loc.gov/standards/marcxml/schema/MARC21slim.xsd">

  <leader>00612nam a2200181Ia 4500</leader>
  <datafield ind2=" " tag="999" ind1=" ">
    <subfield code="c">2266</subfield>
    <subfield code="d">2266</subfield>
  </datafield>
  <controlfield tag="008">180706b2005    cr ||||| |||| 00| | spa d</controlfield>
  <datafield ind2=" " tag="090" ind1=" ">
    <subfield code="a">18.08.01 </subfield>
    <subfield code="b">1238</subfield>
  </datafield>
  <datafield ind1="1" tag="110" ind2=" ">
    <subfield code="a">Universidad de Costa Rica. Observatorio del Desarrollo</subfield>
    <subfield code="9">228</subfield>
  </datafield>
  <datafield ind2="0" tag="245" ind1="1">
    <subfield code="a">Costa Rica 2005 indicadores / </subfield>
    <subfield code="c">Observatorio del Desarrollo; PNUMA; Ministerio de Ambiente y Energía</subfield>
  </datafield>
  <datafield ind2=" " tag="260" ind1=" ">
    <subfield code="a">San José, Costa Rica : </subfield>
    <subfield code="a">PNUMA, </subfield>
    <subfield code="c">2005</subfield>
  </datafield>
  <datafield tag="300" ind2=" " ind1=" ">
    <subfield code="a">60 páginas</subfield>
  </datafield>
  <datafield ind1="1" ind2="4" tag="650">
    <subfield code="9">2311</subfield>
    <subfield code="a">INDICADORES</subfield>
  </datafield>
  <datafield tag="650" ind2="4" ind1="1">
    <subfield code="9">3946</subfield>
    <subfield code="a">RECURSOS HÍDRICOS</subfield>
  </datafield>
  <datafield tag="650" ind2="4" ind1="1">
    <subfield code="9">575</subfield>
    <subfield code="a">ASENTAMIENTOS HUMANOS</subfield>
  </datafield>
  <datafield ind1="1" tag="650" ind2="4">
    <subfield code="9">268</subfield>
    <subfield code="a">SALUD</subfield>
  </datafield>
  <datafield ind1="1" tag="650" ind2="4">
    <subfield code="9">263</subfield>
    <subfield code="a">POBREZA</subfield>
  </datafield>
  <datafield ind1=" " tag="942" ind2=" ">
    <subfield code="2">z</subfield>
    <subfield code="c">01</subfield>
  </datafield>
</record>